<!DOCTYPE html PUBLIC "-//W3C//DTD XHTML 1.0 Strict//EN" "http://www.w3.org/TR/xhtml1/DTD/xhtml1-strict.dtd">

<html xmlns="http://www.w3.org/1999/xhtml">
<head>
<meta http-equiv="Content-Type" content="text/html; charset=utf-8" />
<title>Kosmetika ir higiena</title>
<meta name="keywords" content="Kosmetika ir higiena" />
<meta name="description" content="Kosmetika ir higiena" />
<link href="http://fonts.googleapis.com/css?family=Source+Sans+Pro:200,300,400,600,700,900|Quicksand:400,700|Questrial" rel="stylesheet" />
<link href="default.css" rel="stylesheet" type="text/css" media="all" />
<link href="fonts.css" rel="stylesheet" type="text/css" media="all" />

<!--[if IE 6]><link href="default_ie6.css" rel="stylesheet" type="text/css" /><![endif]-->

</head>
<body    id="kasF6xl">
<div id="header-wrapper">
	<div id="header" class="container">
		<div id="logo">
			<h1><span class="icon icon-cog"></span><a href="#">kosmetika</a></h1>
			<div id="menu">
				<ul>
					<li class="current_page_item"><a href="index.html" accesskey="1" title="">Homepage</a></li>
					<li><a href="#" accesskey="2" title="">Our Clients</a></li>
					<li><a href="#" accesskey="3" title="">About Us</a></li>
					<li><a href="privacy-policy.html">Privacy policy</a></li>
					<li><a href="terms.html">Terms and Conditions</a></li>
					<li><a href="photo.html">Photo gallery</a></li>
					<li><a href="contact.html">Contacts</a></li>
				</ul>
			</div>
		</div>
	</div>
</div>
<div id="page-wrapper">
	<div id="page" class="container">
		<div class="title"    id="yDDXOJU">
			<h2 id="XjZBIOkQTnDpcb">Welcome to kosmetika</h2>
		</div>
		<p id="dfGWdxfyST"></p>
		<p id="cIGhA5gyBtKAMk"><ul>
<li><a href="index.html">Meitan kosmetika</a><br> Prekiaujame tik originaliais, žinomų kompanijų, korėjietiškais kosmetikos produktais. Korėjietiška kosmetika giriama visame pasaulyje dėl savo geros sudėties bei pagrindinio tikslo, palaikyti skaisčią, porcelianinę bei jaunatvišką veido odą. Maskshop.lt parduotuvėje rasite didelį korėjietiškų veido kaukių pasirinkimą.</li>
<li><a href="1.html">Kosmetika ir higiena - BARBORA</a><br> Didžiausia kvepalų, kosmetikos ir grožio prekių internetinė parduotuvė Baltijos šalyse. Virš 500 000 patenkintų klientų. Platus pasirinkimas ir geriausios kainos. Pristatymas per 1 dieną!</li>
<li><a href="2.html">Maskshop.lt - Korėjietiška kosmetika internetu</a><br> Kūno kremai, losjonai, aliejai Vonios ir dušo kremai, geliai Kvepalai, žvakės Muilas Pėdų ir nagų priežiūra Vonios putos ir druska Kūno serumai ir dulksnos Šveitikliai kūnui Rinkiniai kūnui Savaiminio įdegio priemonės Saulės kosmetika Dezodorantai Sausai kūno odai Dezinfekantai Visi produktai</li>
<li><a href="3.html">Solidu – Solid Cosmetics</a><br> Korėjietiška kosmetika Veidui ir Kūnui Viena labiausiai geidžiamų visame pasaulyje - korėjietiška kosmetika. Jos sėkmės paslaptis: sparčiai besivystančios inovacijos kuriant naujus produktus, gausi paletė natūralių ingredientų iš gamtos, unikalios tekstūros, visiems prieinamos kainos ir patrauklios produktų pakuotės.</li>
<li><a href="4.html">The Organic Pharmacy | Kosmetika | Odos priežiūra</a><br> SOLIDU – tai aplinkai draugiški kietieji šampūnai bei kondicionieriai, pagaminti Lietuvoje. Pasauliui skęstant plastike, turime ieškoti alternatyvų mums gerai pažįstamiems vonios produktams.</li>
<li><a href="5.html">Asian Blossom korėjietiška kosmetika | AsianBlossom.lt</a><br> Kosmetika</li>
<li><a href="6.html">Kvepalai ir kosmetika | LOVERTE</a><br> „The Organic Pharmacy“ gimė iš noro sukurti geresnį grožį Pirmoji parduotuvė atidaryta 2002 metais Londono Kings gatvėje. Pagrindinis tikslas, – kurti 360 laipsnių grožį, tai yra rūpintis visapusiškai tiek išoriniu, tiek ir vidiniu grožiu, todėl The Organic Pharmacy savo asortimente turi ne tik veido ir kūno kosmetikos produktus, bet ir maisto papildus.</li>
<li><a href="7.html">Kosmetika - KOSMETIKA.LT</a><br> Kosmetika ir higiena Švaros ir gyvūnų prekės Namai ir laisvalaikis Pagrindinis puslapis Kosmetika ir higiena (8 5) 230 9309. Kasdien nuo 8 iki 21 val. El. p.: pagalba@barbora.lt. Kosmetika ir higiena. Popieriniai gaminiai Tualetinis popierius ; Popieriniai rankšluosčiai ...</li>
<li><a href="8.html">Newcrush | Kosmetika | Maisto Papildai</a><br> Kosmetika buvo naudojama jau seniausiais laikais tokiose didingose civilizacijose, kaip senovės Egiptas ar Mesopotamija, o plačiai aprašyto Kleopatros grožio paslaptimi buvo ne kas kita, bet įvairūs veido aliejai ir kremai.</li>
<li><a href="9.html">MANOritualai.lt - MANO natūrali kosmetika - pagaminta ...</a><br> MANO natūrali kosmetika - tai pažangi natūrali kosmetika pagaminta Lietuvoje, besilaikant nepriekaištingos kokybės standartų kiekviename gamybos žingsnyje!</li>
</ul></p>
	</div>
</div>
<div class="wrapper"   id="Qip2dEJZTJc">
	<div id="three-column" class="container">
		<div><span class="arrow-down"></span></div>

<h2 id="e7vxNIj">Kosmetika ir higiena</h2> 2020.10.26 12:40
				<center><img src="img/a4c8f865ec9515688eaef66f2ad93041.jpg" width="50%"   id="E1gApMa"></center><br><br><span> Informuojame, kad šioje svetainėje yra naudojami slapukai (angl. cookies). Toliau naršydami svetainėje arba paspausdami mygtuką Sutinku Jūs sutinkate su slapukų naudojimu. Savo duotą sutikimą bet kada galėsite atšaukti pakeisdami savo interneto naršyklės nustatymus ir ištrindami įrašytus slapukus. Daugiau informacijos apie slapukus galite rasti čia . </span> Sutinku Keisti apskritį <span> Parsisiųskite</span> Lietuvių English Русский Registruotis Prisijungti Prisijungti Registruotis <p> Sveiki, ačiū, kad vėl pas mus užsukote!</p> <p> Caps Lock yra įjungtas<p> (8 5) 230 9309 Prekės Mano prekės Akcijos Eko ir ūkis Naujienos Receptai Daržovės ir vaisiai Pieno gaminiai ir kiaušiniai Duonos gaminiai ir konditerija Mėsa, žuvys ir kulinarija Bakalėja Šaldytas maistas Gėrimai Kūdikių ir vaikų prekės Kosmetika ir higiena Švaros ir gyvūnų prekės Namai ir laisvalaikis <span> Pagrindinis puslapis </span> <span> Kosmetika ir higiena </span> (8 5) 230 9309 Kasdien nuo 8 iki 21 val. El. p.: pagalba@barbora.lt <h1> Kosmetika ir higiena</h1> <h3> Popieriniai gaminiai </h3> Tualetinis popierius Popieriniai rankšluosčiai Popierinės nosinaitės <h3> Burnos higienos priemonės </h3> Dantų šepetėliai Dantų pastos Burnos skalavimo skysčiai Dantų siūlai ir krapštukai Dantų protezų priežiūra <h3> Kūno priežiūros priemonės </h3> Gabalinis tualetinis muilas Skystas tualetinis muilas Dušo želė Vonios putos ir druska Kūno odos priežiūros priemonės Drėgnosios servetėlės <h3> Rankų ir pėdų odos priežiūros priemonės </h3> Rankų odos priežiūros priemonės Pėdų odos priežiūros priemonės Manikiūro ir pedikiūro reikmenys <h3> Plaukų priežiūros priemonės </h3> Plaukų šampūnai Sausi plaukų šampūnai Plaukų balzamai Plaukų kaukės, serumai ir aliejus Šukuosenos formavimo priemonės Plaukų lakas Plaukų dažai Šukos ir šepečiai <h3> Veido priežiūros priemonės </h3> Makiažo valikliai ir veido prausikliai Veido kremai Naktiniai veido kremai Veido serumai ir paakių kremai Veido kaukės Lūpų priežiūros priemonės Kosmetinė vata ir krapštukai <h3> Dekoratyvinė kosmetika </h3> Blakstienų tušai Makiažo pagrindai, pudros ir maskuokliai Akių ir antakių pieštukai Lūpų dažai <h3> Skutimosi prekės </h3> Skutimosi putos ir želė Losjonai ir kremai po skutimosi Skustuvai ir skutimosi peiliukai Depiliacinės priemonės <h3> Intymios higienos prekės </h3> Higieniniai įklotai Higieniniai paketai Tamponai Įklotai nelaikantiems šlapimo Intymios higienos prausikliai ir servetėlės Menstruacinės taurelės <h3> Dezodorantai </h3> Purškiamieji dezodorantai moterims Purškiamieji dezodorantai vyrams Rutuliniai ir pieštukiniai dezodorantai moterims Rutuliniai ir pieštukiniai dezodorantai vyrams Pieštukiniai dezodorantai moterims Pieštukiniai dezodorantai vyrams <h3> Medicinos prekės </h3> Pleistrai Dezinfekcijos priemonės Prezervatyvai Kitos medicininės prekės <h3> Kojinės ir pėdkelnės </h3> Moteriškos kojinės Vyriškos kojinės Pėdkelnės Vaikiškos pėdkelnės <h3> AROM&#193;MA </h3> Aromaterapiniai gaminiai Eteriniai aliejai Eterinių aliejų mišiniai Augaliniai aliejai ir sviestas Gėlių vanduo <h3> Urban Earth Lovers </h3> Natūralus grožis Higiena be plastiko 1 2 3 4 5 ... Rūšiuoti pagal: Populiarumą Prekės ženklą Kainą (didėj.) Kainą (mažėj.) <span> Plaukų šampūnas MARGARITA ECO, 500 ml</span> <span> €4,99 </span> €9,98/l Plaukų šampūnas MARGARITA ECO, 500 ml <span> KARTU REKOMENDUOJAME</span> <span> </span> <span> Dušo želė MARGARITA su svarainių ekstraktu, 500 ml</span> <span> €2,89 </span> €5,78/l Dušo želė MARGARITA su svarainių ekstraktu, 500 ml <span> KARTU REKOMENDUOJAME</span> <span> </span> <span> Dušo želė MARGARITA su pieno baltymais, 500 ml</span> <span> €2,45 </span> €4,90/l Dušo želė MARGARITA su pieno baltymais, 500 ml <span> KARTU REKOMENDUOJAME</span> <span> </span> <span> Maitinamasis kūno sviestas MARGARITA su spanguolių ekstraktu, 250 ml</span> <span> €4,49 </span> €17,96/l Maitinamasis kūno sviestas MARGARITA su spanguolių ekstraktu, 250 ml <span> KARTU REKOMENDUOJAME</span> <span> </span> <span> Plaukų kondicionierius-kaukė MARGARITA, 250 ml</span> <span> €4,99 </span> €19,96/l Plaukų kondicionierius-kaukė MARGARITA, 250 ml <span> KARTU REKOMENDUOJAME</span> <span> </span> <span> Int. hig. prausiklis MARGARITA su alavijais, 400 ml</span> <span> €2,69 </span> €6,73/l Int. hig. prausiklis MARGARITA su alavijais, 400 ml <span> KARTU REKOMENDUOJAME</span> <span> </span> <span> Intymios higienos servetėlės MARGARITA su vaistažolėmis, 20 vnt.</span> <span> €1,99 </span> €0,10/vnt. Intymios higienos servetėlės MARGARITA su vaistažolėmis, 20 vnt. <span> KARTU REKOMENDUOJAME</span> <span> </span> <span> Drėkinamasis rankų kremas MARGARITA su šaltalankių aliejumi, 75 ml</span> <span> €1,49 </span> €19,87/l Drėkinamasis rankų kremas MARGARITA su šaltalankių aliejumi, 75 ml <span> KARTU REKOMENDUOJAME</span> <span> </span> <span> Dantų pasta ECODENTA ORGANIC su kanapių aliejumi, 75 ml</span> €3,99 <span> €2,79 </span> €37,20/l <span> -30%</span> Dantų pasta ECODENTA ORGANIC su kanapių aliejumi, 75 ml <span> KARTU REKOMENDUOJAME</span> <span> </span> <span> Minkštinamasis pėdų kremas MARGARITA, 75 ml</span> <span> €2,12 </span> €28,27/l Minkštinamasis pėdų kremas MARGARITA, 75 ml <span> KARTU REKOMENDUOJAME</span> <span> </span> <span> Moteriškas purškimas dezodorantas KILIG THAI, 100 ml</span> €4,79 <span> €3,35 </span> €33,50/l <span> -30%</span> Moteriškas purškimas dezodorantas KILIG THAI, 100 ml <span> KARTU REKOMENDUOJAME</span> <span> </span> <span> Rankų kremas KILIG mandarinų aromato, 75 ml</span> €2,99 <span> €2,09 </span> €27,87/l <span> -30%</span> Rankų kremas KILIG mandarinų aromato, 75 ml <span> KARTU REKOMENDUOJAME</span> <span> </span> <span> Apsaug. rankų kremas MARGARITA su mėlynių,šalavijų ekstr., 75 ml</span> <span> €2,79 </span> €37,20/l Apsaug. rankų kremas MARGARITA su mėlynių,šalavijų ekstr., 75 ml <span> KARTU REKOMENDUOJAME</span> <span> </span> <span> Moteriškas dezodoruojamas.kūno mineralas-lazdelė KILIG THAI, 100 g</span> €5,79 <span> €4,05 </span> €40,50/kg <span> -30%</span> Moteriškas dezodoruojamas.kūno mineralas-lazdelė KILIG THAI, 100 g <span> KARTU REKOMENDUOJAME</span> <span> </span> <span> Plaukų apimtį didinantis šampūnas KILIG, 500 ml</span> €5,99 <span> €4,19 </span> €8,38/l <span> -30%</span> Plaukų apimtį didinantis šampūnas KILIG, 500 ml <span> KARTU REKOMENDUOJAME</span> <span> </span> <span> Plaukų apimtį didinantis kondicionierius KILIG, 250 ml</span> €4,29 <span> €3,00 </span> €12,00/l <span> -30%</span> Plaukų apimtį didinantis kondicionierius KILIG, 250 ml <span> KARTU REKOMENDUOJAME</span> <span> </span> <span> Veido, paakių ir kaklo purus kremas KILIG su spirulina, 60 ml</span> €12,99 <span> €9,09 </span> €151,50/l <span> -30%</span> Veido, paakių ir kaklo purus kremas KILIG su spirulina, 60 ml <span> KARTU REKOMENDUOJAME</span> <span> </span> <span> Valomasis rankų gelis MARGARITA, 100 ml</span> <span> €2,99 </span> €29,90/l Valomasis rankų gelis MARGARITA, 100 ml <span> KARTU REKOMENDUOJAME</span> <span> </span> <span> Veido kaukė-šveitiklis KILIG su spirulina, 60 ml</span> €8,99 <span> €6,29 </span> €104,83/l <span> -30%</span> Veido kaukė-šveitiklis KILIG su spirulina, 60 ml <span> KARTU REKOMENDUOJAME</span> <span> </span> <span> Ekologiška balinamoji dantų pasta ECODENTA, 75 ml</span> €3,99 <span> €2,79 </span> €37,20/l <span> -30%</span> Ekologiška balinamoji dantų pasta ECODENTA, 75 ml <span> KARTU REKOMENDUOJAME</span> <span> </span> <span> Veido prausimosi putos KILIG su spirulina, 150 ml</span> €8,39 <span> €5,87 </span> €39,13/l <span> -30%</span> Veido prausimosi putos KILIG su spirulina, 150 ml <span> KARTU REKOMENDUOJAME</span> <span> </span> <span> Tualetinis popierius ZEWA DELUXE WHITE (3 sluoksnių), 8 vnt.</span> <span> €3,89 </span> €0,49/vnt. Tualetinis popierius ZEWA DELUXE WHITE (3 sluoksnių), 8 vnt. <span> KARTU REKOMENDUOJAME</span> <span> </span> <span> Dantų pasta SENSODYNE (DEEP CLEAN), 75 ml</span> <span> €4,29 </span> €57,20/l Dantų pasta SENSODYNE (DEEP CLEAN), 75 ml <span> KARTU REKOMENDUOJAME</span> <span> </span> <span> Dantų pasta LACALUT AKTIV, 75 ml</span> <span> €3,85 </span> €51,33/l Dantų pasta LACALUT AKTIV, 75 ml <span> KARTU REKOMENDUOJAME</span> <span> </span> <span> Rankų dezinfekantas AROMAMA, 50 ml</span> €3,00 <span> €1,99 </span> €39,80/l Rankų dezinfekantas AROMAMA, 50 ml <span> KARTU REKOMENDUOJAME</span> <span> </span> <span> Aliejų mišinys BAUBUKAS, 20 ml</span> <span> €5,00 </span> €250,00/l Aliejų mišinys BAUBUKAS, 20 ml <span> KARTU REKOMENDUOJAME</span> <span> </span> <span> Skystas muilas MARGARITA ECO, 400 ml</span> <span> €3,99 </span> €9,98/l Skystas muilas MARGARITA ECO, 400 ml <span> KARTU REKOMENDUOJAME</span> <span> </span> <span> Dušo želė MARGARITA ECO, 400 ml</span> <span> €3,99 </span> €9,98/l Dušo želė MARGARITA ECO, 400 ml <span> KARTU REKOMENDUOJAME</span> <span> </span> <span> Popierinės nosinaitės GRITE BLOSSOM MINT, 10 vnt.</span> <span> €0,10 </span> €0,01/vnt. Popierinės nosinaitės GRITE BLOSSOM MINT, 10 vnt. <span> KARTU REKOMENDUOJAME</span> <span> </span> <span> Skustuvo galvutės GILLETTE MACH 3, 4 vnt.</span> <span> €9,99 </span> €2,50/vnt. Skustuvo galvutės GILLETTE MACH 3, 4 vnt. <span> KARTU REKOMENDUOJAME</span> <span> </span> <span> Intensyviai drėkinanti veido kaukė GREEN FEEL S_ Aš IKONA, 10 ml</span> <span> €1,69 </span> €169,00/l Intensyviai drėkinanti veido kaukė GREEN FEEL S_ Aš IKONA, 10 ml <span> KARTU REKOMENDUOJAME</span> <span> </span> <span> Arbatmedžio eterinis aliejus, 5 ml</span> <span> €5,00 </span> €1 000,00/l Arbatmedžio eterinis aliejus, 5 ml <span> KARTU REKOMENDUOJAME</span> <span> </span> <span> Dušo želė DOVE PISTACHIO&amp;MAGNOLIA, 500 ml</span> €5,99 <span> €4,19 </span> €8,38/l <span> -30%</span> Dušo želė DOVE PISTACHIO&amp;MAGNOLIA, 500 ml <span> KARTU REKOMENDUOJAME</span> <span> </span> <span> Pleistrų rinkinys AMED TEXTILE, 20 vnt.</span> <span> €1,19 </span> €0,06/vnt. Pleistrų rinkinys AMED TEXTILE, 20 vnt. <span> KARTU REKOMENDUOJAME</span> <span> </span> <span> Pleistrų rinkinys EUROCARE SENSITIVE, 20 vnt.</span> <span> €2,10 </span> €0,11/vnt. Pleistrų rinkinys EUROCARE SENSITIVE, 20 vnt. <span> KARTU REKOMENDUOJAME</span> <span> </span> <span> Balinamoji jautrių dantų pasta ECODENTA, 100 ml</span> €3,89 <span> €2,72 </span> €27,20/l <span> -30%</span> Balinamoji jautrių dantų pasta ECODENTA, 100 ml <span> KARTU REKOMENDUOJAME</span> <span> </span> <span> Micelinis vanduo NIVEA jautriai odai, 400 ml</span> €7,99 <span> €4,79 </span> €11,98/l <span> -40%</span> Micelinis vanduo NIVEA jautriai odai, 400 ml <span> KARTU REKOMENDUOJAME</span> <span> </span> <span> Dušo želė NIVEA HAWAI FLOWER&amp;OIL, 500 ml</span> €4,99 <span> €2,99 </span> €5,98/l <span> -40%</span> Dušo želė NIVEA HAWAI FLOWER&amp;OIL, 500 ml <span> KARTU REKOMENDUOJAME</span> <span> </span> <span> Burnos skalavimo skystis LISTERINE TOTAL, 500 ml</span> <span> €6,99 </span> €13,98/l Burnos skalavimo skystis LISTERINE TOTAL, 500 ml <span> KARTU REKOMENDUOJAME</span> <span> </span> <span> Lūpų balzamas CARMEX CLICK STICK, 4,25 g</span> <span> €4,79 </span> €1 127,06/kg Lūpų balzamas CARMEX CLICK STICK, 4,25 g <span> KARTU REKOMENDUOJAME</span> <span> </span> <span> Moteriškas rututulinis dezodorantas NIVEA BLACK&amp;WHITE, 50 ml</span> €3,39 <span> €2,03 </span> €40,60/l <span> -40%</span> Moteriškas rututulinis dezodorantas NIVEA BLACK&amp;WHITE, 50 ml <span> KARTU REKOMENDUOJAME</span> <span> </span> <span> Rankų kremas MARGARITA ECO, 400 ml</span> <span> €5,49 </span> €13,73/l Rankų kremas MARGARITA ECO, 400 ml <span> KARTU REKOMENDUOJAME</span> <span> </span> <span> Vyriškas plaukų šampūnas DOVE MEN CARE 2IN1, 250 ml</span> €3,59 <span> €2,51 </span> €10,04/l <span> -30%</span> Vyriškas plaukų šampūnas DOVE MEN CARE 2IN1, 250 ml <span> KARTU REKOMENDUOJAME</span> <span> </span> <span> Intensyviai drėkinanti veido kaukė GREEN FEEL S, 10 ml</span> <span> €1,52 </span> €152,00/l Intensyviai drėkinanti veido kaukė GREEN FEEL S, 10 ml <span> KARTU REKOMENDUOJAME</span> <span> </span> <span> Dantų pasta ECODENTA su špinatais, 100 ml</span> €2,69 <span> €1,88 </span> €18,80/l <span> -30%</span> Dantų pasta ECODENTA su špinatais, 100 ml <span> KARTU REKOMENDUOJAME</span> <span> </span> <span> Eterinių aliejų mišinys KVĖPUOK LAISVAI, 5 ml</span> <span> €7,00 </span> €1 400,00/l Eterinių aliejų mišinys KVĖPUOK LAISVAI, 5 ml <span> KARTU REKOMENDUOJAME</span> <span> </span> <span> Eterinių aliejų mišinys SVEIKATOS ANGELAS, 5 ml</span> <span> €10,00 </span> €2 000,00/l Eterinių aliejų mišinys SVEIKATOS ANGELAS, 5 ml <span> KARTU REKOMENDUOJAME</span> <span> </span> <span> Plaukų šampūnas DOVE REVIVAL, 250 ml</span> €3,59 <span> €2,51 </span> €10,04/l <span> -30%</span> Plaukų šampūnas DOVE REVIVAL, 250 ml <span> KARTU REKOMENDUOJAME</span> <span> </span> <span> Eterinių aliejų mišinys ŠALIN LIGOS, 5 ml</span> <span> €8,00 </span> €1 600,00/l Eterinių aliejų mišinys ŠALIN LIGOS, 5 ml <span> KARTU REKOMENDUOJAME</span> <span> </span> <span> Dantų pasta HIMALAYA DENTAL CREAM NEEM, 100 g</span> <span> €3,29 </span> €32,90/kg Dantų pasta HIMALAYA DENTAL CREAM NEEM, 100 g <span> KARTU REKOMENDUOJAME</span> <span> </span> <span> Veido kaukė SCHAEBENS su hialuronu, 10 ml</span> <span> €1,85 </span> €185,00/l Veido kaukė SCHAEBENS su hialuronu, 10 ml <span> KARTU REKOMENDUOJAME</span> <span> </span> <span> Higieniniai paketai ORGANYC MODERATE FLOW, 10 vnt.</span> <span> €3,99 </span> €0,40/vnt. Higieniniai paketai ORGANYC MODERATE FLOW, 10 vnt. <span> KARTU REKOMENDUOJAME</span> <span> </span> 1 2 3 4 5 ... Prekės Mano prekės Akcijos Eko ir ūkis Naujienos Receptai<br>
						
<iframe width="615 height="315" src="https://www.youtube.com/embed/F_xIDdvMK9Q" frameborder="0" allow="accelerometer; autoplay; encrypted-media; gyroscope; picture-in-picture" allowfullscreen></iframe><br>		<img src="img/7aba7072ac4d65fc1c4a181959c7bf78.jpg" width="50%"/>

	</div></div>
</div>
<div id="wrapper2">
	<div id="tools">
		<div class="title">
			<h2>Vivamus fermentum nibh</h2>
		</div>
		<ul class="tools"    id="qZsVjBIp726Va">
			<li><a href="#" class="icon icon-legal" id="XMZbRGag"></a></li>
			<li><a href="#" class="icon icon-random" id="kb55wM6AUNjHeN"></a></li>
			<li><a href="#" class="icon icon-key" id="2vp1llzU"></a></li>
			<li><a href="#" class="icon icon-wrench" id="CQPwirY"></a></li>
			<li><a href="#" class="icon icon-cut" id="EMFOa5I"></a></li>
			<li><a href="#" class="icon icon-filter" id="7ebwpbe"></a></li>
			<li><a href="#" class="icon icon-lock" id="WIktWFUnnoZq"></a></li>
		</ul>
	<br>
	</div>
</div>
<div id="copyright" class="container">
	<p>&copy; Untitled. All rights reserved. | Photos by Fotogrph </p>
	<p></p>
	
		<ul class="contact"    id="J3PdvNAlUoPO">
			<li><a href="#" class="icon icon-twitter"><span>Twitter</span></a></li>
			<li><a href="#" class="icon icon-facebook"><span></span></a></li>
			<li><a href="#" class="icon icon-dribbble"><span>Pinterest</span></a></li>
			<li><a href="#" class="icon icon-tumblr"><span>Google+</span></a></li>
			<li><a href="#" class="icon icon-rss"><span>Pinterest</span></a></li>
		</ul>
</div>
</body>
</html>
